@book{blom58,
  author="G. Blom",
  title="Statistical Estimates and Transformed Beta-variables",
  publisher="Wiley, New York", 
  year=1958
}

@article{kampenes07,
  author =	 {Vigdis By Kampenes and Tore Dyb{\aa} and Jo Erskine
                  Hannay and Dag I. K. Sj{\o}berg},
  title =	 {A systematic review of effect size in software
                  engineering experiments},
  journal =	 {Information {\&} Software Technology},
  volume =	 49,
  number =	 {11-12},
  year =	 2007,
  pages =	 {1073-1086},
}
@article{vargha2000critique,
  title={A critique and improvement of the CL common language effect size
               statistics of McGraw and Wong},
  author={Vargha, A. and Delaney, H.D.},
  journal={Journal of Educational and Behavioral Statistics},
  volume={25},
  number={2},
  pages={101--132},
  year={2000},
  publisher={Sage Publications}
}
@ARTICLE{Browman1999,
  author = {Browman, Howard I.},
  title = {Negative results},
  journal = {Mar. Ecol. Prog. Ser.},
  year = {1999},
  volume = {191},
  pages = {301--309},
  bdsk-url-1 = {http://www.springerlink.com/index/N7K33668Q00G5105.pdf},
  file = {:home/ekrem/Documents/Mendeley Desktop/neg-res.pdf:pdf},
  issn = {0885-6125},
  publisher = {Springer},
  url = {http://www.springerlink.com/index/N7K33668Q00G5105.pdf}
}


@article{scott74,
  author="A. Scott and M. Knott",
   title="A Cluster Analysis Method for Grouping 
          Means in the Analysis of Variance",
   journal="Biometrics",
   volume=30,
   number=3,
   pages="507â€“512",
   month="September",
   year=1974
}


@article{garcia08,
 journal="Journal of Machine Learning Research",
 volume=9,
 year=2008,
 pages="2677-2694",
 title="An Extension on 'Statistical Comparisons of 
        Classifiers over Multiple
        Data Sets' for all Pairwise Comparisons",
 author="S. Garcia and F. Herrera"
}
@ARTICLE{Mendes2007,
  author = {Kitchenham, Barbara and Mendes, Emilia and Travassos, Guilherme H.},
  title = {Cross versus Within-Company Cost Estimation Studies: A Systematic
	Review},
  journal = {IEEE Trans. Softw. Eng.},
  year = {2007},
  volume = {33},
  pages = {316--329},
  number = {5},
  note = {Member-Kitchenham, Barbara A.},
  address = {Piscataway, NJ, USA},
  doi = {http://dx.doi.org/10.1109/TSE.2007.1001},
  issn = {0098-5589},
  publisher = {IEEE Press}
}

@article{koc13a,
  title="Software Effort Models Should be Assessed Via 
         Leave-One-Out Validation",
  author="E. Kocaguneli and T. Menzies",
  journal="Journal of Systems and Software",
  year="2013, to appear",
  notes="Available on-line at \url{http://menzies.us/php/13loo.pdf}"
}
@book{ader08,
  author="H.J. Ader and G.J. Mellenbergh and D.J. Hand",
  year="2008",
  title="Advising on research methods: A consultant's companion",
  publisher=" Huizen, The Netherlands: Johannes van Kessel Publishing"
}

@ARTICLE{Li2009,
  author = {Li, Y and Xie, M and Goh, T},
  title = {A study of project selection and feature weighting for analogy based
	software cost estimation},
  journal = {Journal of Systems and Software},
  year = {2009},
  volume = {82},
  pages = {241--252},
  bdsk-url-1 = {http://dx.doi.org/10.1016/j.jss.2008.06.001},
  doi = {10.1016/j.jss.2008.06.001},
  issn = {01641212},
  issue = {2}
}

@mastersThesis{baker07,
		title="A Hybrid Approach
  to Expert and Model-based Effort Estimation ",
		author="Dan Baker",
		year=2007,
		school="Lane Department of Computer Science and 
			   Electrical Engineering, West Virginia University",
note="Available from
\url{https://eidr.wvu.edu/etd/documentdata.eTD?documentid=5443}"
}


@article{beasley09,
year={2009},
issn={0001-8244},
journal={Behavior Genetics},
volume={39},
issue={5},
title={Rank-Based Inverse Normal Transformations are Increasingly Used, But are They Merited?},
publisher={Springer US},
author={Beasley, T.Mark and Erickson, Stephen and Allison, DavidB.},
pages={580-595},
}
@article{holte93,
  author =	 "R.C. Holte",
  title =	 "Very Simple Classification Rules Perform Well on
                  Most Commonly Used Datasets",
  journal =	 "Machine Learning",
  volume =	 "11",
  pages =	 "63",
  year =	 "1993"
}

@Book{cohen95,
	Author =	 "P.R. Cohen",
	Title =	 "Empirical Methods for Artificial Intelligence",
	Publisher =	 "MIT Press",
	Year =	 1995
}

@ARTICLE{Mendes2003,
  author = {Emilia Mendes and Ian D. Watson and Chris Triggs and Nile Mosley
        and Steve Counsell},
  title = {A Comparative Study of Cost Estimation Models for Web Hypermedia
        Applications},
  journal = {Empirical Software Engineering},
  year = {2003},
  volume = {8},
  pages = {163-196},
  number = {2}
}
@inproceedings{kitch09z,
  author    = {Barbara Kitchenham and
               Emilia Mendes},
  title     = {Why comparative effort prediction studies may be invalid},
  booktitle = {PROMISE'09},
  year      = {2009},
  pages     = {4},
}


@ARTICLE{koc11b, 
author={Kocaguneli, E. and Menzies, T. and Bener, A. and Keung, J.}, 
journal={IEEE Transactions on Software Engineering}, 
title={Exploiting the Essential Assumptions of Analogy-Based Effort Estimation}, 
year={2011 (preprint)},
note="Available from \url{http://menzies.us/pdf/11teak.pdf}",
class="hJ"
} 
@BOOK{Seni2010,
  title = {Ensemble Methods in Data Mining: Improving Accuracy Through Combining
	Predictions},
  publisher = {Morgan \&  Claypool},
  year = {2010},
  author = {Seni, Giovanni and Elder, John},
  isbn = {1608452840, 9781608452842}
}

@article{demsar06,
		author="J. Demsar",
		title="Statistical Comparisons of Clasifiers over Multiple Data Sets",
		journal="Journal of Machine Learning Research",
		volume=7,
		year=2006,
		pages="1-30",
		note="Avaliable from \url{http://jmlr.csail.mit.edu/papers/v7/demsar06a.html}"
}
@BOOK{Hastie08,
  title = {{Elements of statistical learning: data mining, inference \&
	prediction}},
  publisher = {Springer},
  year = {2008},
  author = {Trevor Hastie and Robert Tibshirani and Jerome Friedman},
  edition = {2}
}

@ARTICLE{breiman92,
  author = {Leo Breiman and Philip Spector},
  title = {Submodel Selection and Evaluation in Regression. The X-Random Case},
  journal = {International Statistical Review},
  year = {1992},
  volume = {60},
  pages = {291-319},
  number = {3},
  month = {Decemeber}
}
@INPROCEEDINGS{Kohavi95,
  author = {Kohavi, Ron},
  title = {A study of cross-validation and bootstrap for accuracy estimation
	and model selection},
  booktitle = {Proceedings of the 14th international joint conference on Artificial
	intelligence - Volume 2},
  year = {1995},
  pages = {1137--1143},
  address = {San Francisco, CA, USA}
}


@INPROCEEDINGS{arcuri11,
author={Arcuri, A. and Briand, L.}, 
booktitle={ICSE'11},
title={A practical guide for using statistical tests to assess randomized algorithms in software engineering}, 
year={2011}, 
pages={1-10}}

@article{mittas12a,
  author="N. Mittas and  L. Angelis",
  title="A permutation test based on regression 
         error characteristic curves for software 
         cost estimation models",
  journal="Empirical Software Engineering",
  year=2012,
  volume=17,
  number=1
}
@Book{Witten05,
  author =    "Ian H. Witten and Eibe Frank",
  title =    "Data mining. 2nd edition",
  publisher =    "Morgan Kaufmann",
  address =    "Los Altos, US",
  year =     2005,
}
@article{mittas12b,
  author="N. Mittas and  L. Angelis",
  title="Ranking and Clustering Software Cost 
         Estimation Models through a Multiple Comparisons Algorithm",
  year=2012,
  journal="IEEE Transactions on Software Engineering (pre-print)"
}

@article{shepperd12,
title = "Evaluating prediction systems in software project estimation",
journal = "Information and Software Technology",
volume = "54",
number = "8",
pages = "820 - 827",
year = "2012",
issn = "0950-5849",
author = "Martin Shepperd and Steve MacDonell",
}

@article{ci12,
   author = {Menzies, Tim and Shepperd, Martin},
   title = {Special issue on repeatable results in software engineering prediction},
   journal = {Empirical Software Engineering},
   pages = {1-17},
   volume = {17},
   issue = {1},
   year = {2012}
}
@book{oppen96,
  author="A. Oppeneheim, A. Wilsky, and S. Hamid",
  title="Signals and Systems",
  publisher="Prentice Hall",
  year= 1996
}
@book{efron93,
      author       = "Efron, Bradley and Tibshirani, Robert J",
      title        = "An introduction to the bootstrap",
      publisher    = "Chapman and Hall",
      address      = "London",
      series       = "Mono. Stat. Appl. Probab.",
      year         = "1993",
}
@ARTICLE{Menzies2006,
  author = {Menzies, Tim and Chen, Zhihao and Hihn, Jairus and Lum, Karen},
  title = {{Selecting Best Practices for Effort Estimation}},
  journal = {IEEE Transactions on Software Engineering},
  year = {2006},
  volume = {32},
  pages = {883--895},
  doi = {10.1109/TSE.2006.114},
  issue = {11},
  keywords = {data mining,effort estimation method,heuristic rejection rule,project
	management,software cost estimation,standard statistical method,statistical
	analysisCOSEEKMO toolkit},
  mendeley-groups = {Automatically Imported,Cost,Menzies}
}

@article{10.1109/TSE.2011.111,
author = {Ekrem Kocaguneli and Tim Menzies and Jacky Keung},
title = {On the Value of Ensemble Effort Estimation},
journal ={IEEE Transactions on Software Engineering},
volume = {99},
number = {PrePrints},
issn = {0098-5589},
year = {2011},
doi = {http://doi.ieeecomputersociety.org/10.1109/TSE.2011.111},
publisher = {IEEE Computer Society},
address = {Los Alamitos, CA, USA},
}

@article{keung12,
   author = {Keung, Jacky and Kocaguneli, Ekrem and Menzies, Tim},
   title = {Finding conclusion stability for selecting the best effort predictor in software effort estimation},
   journal = {Automated Software Engineering (pre-print)},
   pages = {1-25},
   year=2012
}
;;;;;;;;;;;;;;;;;;;;;;;;;;;;;;;;;;;

@article{jorgensen07,
    title="A Systematic Review of Software Development Cost Estimation Studies ",
  author="M. Jorgensen and M. Shepperd",
  pages="33-53",
  	year=2007,
	month="January",
	journal="IEEE Transactions on Software Engineering"
}
@ARTICLE{me11a,
author={Kocaguneli, E. and Menzies, T. and Keung, J.}, 
journal={IEEE Transactions on Software Engineering},
title={On the Value of Ensemble Effort Estimation}, 
year={2011}, 
volume={Available in Pre-Print}, 
class="hC"
}

@article{me11d,
   author = {Kocaguneli, E. and Menzies, T. and Keung, J.},
   affiliation = {Lane Department of Computer Science and Electrical Engineering},
   title = {Kernel methods for software effort estimation},
   journal = {Empirical Software Engineering},
   publisher = {Springer Netherlands},
   issn = {1382-3256},
   pages = {1-24},
   class="hJ"
}
@article{shepperd01,
		author="M.  Shepperd and  Gada F. Kadoda",
	    title="Comparing Software Prediction Techniques Using Simulation",
	    journal="IEEE Trans. Software Eng",
	    volume=27,
		number=11,
		pages="1014-1022",
	    year=2001
}

@inproceedings{me06f,
   author="T. Menzies and K. Lum and J. Hihn",
   title="The Deviance Problem in Effort Estimation",
   booktitle="PROMISE, 2006",
   year=2006,
}
@article{myrtveit05,
	author="Ingunn Myrtveit and Erik Stensrud and Martin Shepperd",
	title="Reliability and Validity in Comparative Studies 
	        of Software Prediction Models",
	journal="IEEE Transactions on Software Engineerining",
	year=2005,
	volume=31,
	number=5,
	month="May",
	pages="380-391"
}
